<?xml version="1.0" encoding="utf-8"?>
<record xmlns="http://www.loc.gov/MARC21/slim" xmlns:xsi="http://www.w3.org/2001/XMLSchema-instance" xsi:schemaLocation="http://www.loc.gov/MARC21/slim http://www.loc.gov/standards/marcxml/schema/MARC21slim.xsd">
	<leader>     nam a22        4500</leader>
	<controlfield tag="001">2788184</controlfield>
	<controlfield tag="003">NjP</controlfield>
	<controlfield tag="006">m        d        </controlfield>
	<controlfield tag="007">cr cn |||m|||a</controlfield>
	<controlfield tag="008">161118s1964    ir      ob    000 0 per  </controlfield>
	<datafield ind1=" " ind2=" " tag="040">
		<subfield code="a">NNU</subfield>
		<subfield code="b">eng</subfield>
		<subfield code="e">rda</subfield>
		<subfield code="c">NNU</subfield>
	</datafield>
	<datafield ind1="0" ind2=" " tag="041">
		<subfield code="a">ara</subfield>
		<subfield code="a">per</subfield>
	</datafield>
	<datafield ind1="0" ind2="0" tag="050">
		<subfield code="a">B753</subfield>
		<subfield code="b">.R38 1964</subfield>
	</datafield>
	<datafield ind1="1" ind2=" " tag="100">
		<subfield code="6">880-01</subfield>
		<subfield code="a">Rāzī, Abū Bakr Muḥammad ibn Zakarīyā,</subfield>
		<subfield code="d">865?-925?</subfield>
	</datafield>
	<datafield ind1="1" ind2="0" tag="240">
		<subfield code="6">880-02</subfield>
		<subfield code="a">Sīrah al-falsafīyah.</subfield>
		<subfield code="l">ʻArabī, Persian</subfield>
	</datafield>
	<datafield ind1="1" ind2="3" tag="245">
		<subfield code="6">880-03</subfield>
		<subfield code="a">al-Sīrah al-falsafīyah /</subfield>
		<subfield code="c">[az] Muḥammad ibn Zakarīyā-yi Rāzī. Bi'Taṣḥīḥ va muqaddimah-'i Pūl Krāws va tarjumah-'i 'Abbās Iqbāl. Bi'in z̲imām-i sharḥ-i aḥvāl va ās̲ār va afkār az Mahdī Muhaqqiq.</subfield>
	</datafield>
	<datafield ind1=" " ind2=" " tag="260">
		<subfield code="6">880-04</subfield>
		<subfield code="a">[Tehran] :</subfield>
		<subfield code="b">[publisher not identified],</subfield>
		<subfield code="c">1343 [1964]</subfield>
	</datafield>
	<datafield ind1=" " ind2=" " tag="300">
		<subfield code="a">online resource (125 pages)</subfield>
	</datafield>
	<datafield ind1=" " ind2=" " tag="336">
		<subfield code="a">text</subfield>
		<subfield code="2">rdacontent</subfield>
	</datafield>
	<datafield ind1=" " ind2=" " tag="337">
		<subfield code="a">computer</subfield>
		<subfield code="2">rdamedia</subfield>
	</datafield>
	<datafield ind1=" " ind2=" " tag="338">
		<subfield code="a">online resource</subfield>
		<subfield code="2">rdacarrier</subfield>
	</datafield>
	<datafield ind1="1" ind2=" " tag="490">
		<subfield code="6">880-05</subfield>
		<subfield code="a">Intishārāt-i Kunsīyūn-i Milī-i Yūnisku dar Irān ;</subfield>
		<subfield code="v">#23</subfield>
	</datafield>
	<datafield ind1=" " ind2=" " tag="500">
		<subfield code="a">Added t.p. in English.</subfield>
	</datafield>
	<datafield ind1=" " ind2=" " tag="500">
		<subfield code="a">Part of the Arabic Collections Online (ACO) project, contributed by Princeton University Libraries.</subfield>
	</datafield>
	<datafield ind1=" " ind2=" " tag="533">
		<subfield code="a">Electronic reproduction.</subfield>
		<subfield code="b">New York, N.Y. :</subfield>
		<subfield code="c">New York University,</subfield>
		<subfield code="d">2016.</subfield>
		<subfield code="5">NNU</subfield>
	</datafield>
	<datafield ind1=" " ind2=" " tag="546">
		<subfield code="a">In Arabic and Persian.</subfield>
	</datafield>
	<datafield ind1=" " ind2=" " tag="546">
		<subfield code="a">Added t.p. and introduction in English.</subfield>
	</datafield>
	<datafield ind1=" " ind2="0" tag="650">
		<subfield code="a">Islamic philosophy.</subfield>
	</datafield>
	<datafield ind1="1" ind2="0" tag="600">
		<subfield code="6">880-06</subfield>
		<subfield code="a">Rāzī, Abū Bakr Muḥammad ibn Zakarīyā,</subfield>
		<subfield code="d">865?-925?</subfield>
	</datafield>
	<datafield ind1="1" ind2="7" tag="600">
		<subfield code="a">Rāzī, Abū Bakr Muḥammad ibn Zakarīyā,</subfield>
		<subfield code="d">865?-925?</subfield>
		<subfield code="2">fast</subfield>
		<subfield code="0">(OCoLC)fst00062301</subfield>
	</datafield>
	<datafield ind1=" " ind2="7" tag="650">
		<subfield code="a">Islamic philosophy.</subfield>
		<subfield code="2">fast</subfield>
		<subfield code="0">(OCoLC)fst01730358</subfield>
	</datafield>
	<datafield ind1="1" ind2=" " tag="700">
		<subfield code="6">880-07</subfield>
		<subfield code="a">Muḥaqqiq, Mahdī.</subfield>
	</datafield>
	<datafield ind1="2" ind2=" " tag="710">
		<subfield code="a">Princeton University.</subfield>
		<subfield code="b">Library.</subfield>
	</datafield>
	<datafield ind1="0" ind2=" " tag="730">
		<subfield code="a">Arabic Collections Online.</subfield>
	</datafield>
	<datafield ind1="0" ind2="8" tag="776">
		<subfield code="i">Online version:</subfield>
		<subfield code="a">Rāzī, Abū Bakr Muḥammad ibn Zakarīyā, 865?-925?</subfield>
		<subfield code="t">Sīrah al-falsafīyah.</subfield>
		<subfield code="d">[Tehran] [s.n.] 1343 [1964]</subfield>
		<subfield code="w">(OCoLC)551305264</subfield>
	</datafield>
	<datafield ind1="0" ind2="8" tag="776">
		<subfield code="i">Print version:</subfield>
		<subfield code="a">Rāzī, Abū Bakr Muḥammad ibn Zakarīyā, 865?-925?</subfield>
		<subfield code="t">al-Sīrah al-falsafīyah</subfield>
		<subfield code="w">(NjP)2788184</subfield>
		<subfield code="w">(DLC)   70270993 </subfield>
		<subfield code="w">(OCoLC)68138083</subfield>
	</datafield>
	<datafield ind1=" " ind2="0" tag="830">
		<subfield code="6">880-08</subfield>
		<subfield code="a">Intishārāt-i Kunsīyūn-i Milī-i Yūnisku dar Irān ;</subfield>
		<subfield code="v">#23.</subfield>
	</datafield>
	<datafield ind1="4" ind2="0" tag="856">
		<subfield code="u">http://hdl.handle.net/2333.1/9cnp5p28</subfield>
	</datafield>
	<datafield ind1="1" ind2=" " tag="880">
		<subfield code="6">100-01/r</subfield>
		<subfield code="a">رازي، أبو بكر محمد بن زكري.</subfield>
	</datafield>
	<datafield ind1="1" ind2="0" tag="880">
		<subfield code="6">240-02/r</subfield>
		<subfield code="a">سيرة الفلسفية.</subfield>
		<subfield code="l">عربي و فارسي</subfield>
	</datafield>
	<datafield ind1="1" ind2="2" tag="880">
		<subfield code="6">245-03/r</subfield>
		<subfield code="a">السيرة الفلسفية /</subfield>
		<subfield code="c">محمد بن زكرياي رازي ؛ بتصحيح و مقدمۀ پول كراوس و ترجمۀ عباس اقبال. بانضمام شرح احوال و آثار و افكار / از مهدي محقق.</subfield>
	</datafield>
	<datafield ind1=" " ind2=" " tag="880">
		<subfield code="6">260-04/r</subfield>
		<subfield code="a">إيران :</subfield>
		<subfield code="b">انتشارات كمسيون ملى يونسكو،</subfield>
		<subfield code="c">١٣٤٣ھ [١٩٢٤-١٩٦٤؟]</subfield>
	</datafield>
	<datafield ind1="1" ind2=" " tag="880">
		<subfield code="6">490-05/r</subfield>
		<subfield code="a">انتشارات كمسيون ملى يونسكو دا ايران ؛</subfield>
		<subfield code="v">٢٣</subfield>
	</datafield>
	<datafield ind1="1" ind2="4" tag="880">
		<subfield code="6">600-06/r</subfield>
		<subfield code="a">رازى، ابو بکر محمد بن زکريا.</subfield>
	</datafield>
	<datafield ind1="1" ind2=" " tag="880">
		<subfield code="6">700-07/r</subfield>
		<subfield code="a">محقق، مهدي.</subfield>
	</datafield>
	<datafield ind1=" " ind2="0" tag="880">
		<subfield code="6">830-08/r</subfield>
		<subfield code="a">انتشارات كمسيون ملى يونسكو دا ايران ؛ ;</subfield>
		<subfield code="v">٢٣.</subfield>
	</datafield>
	<datafield ind1=" " ind2=" " tag="959">
		<subfield code="a">NNU</subfield>
		<subfield code="b">WEB</subfield>
		<subfield code="c">GENI</subfield>
		<subfield code="t">0</subfield>
		<subfield code="m">Electronic access</subfield>
		<subfield code="s">01</subfield>
	</datafield>
	<datafield ind1=" " ind2=" " tag="999">
		<subfield code="i">NjP_2788184</subfield>
		<subfield code="o">(OCoLC)ocm68138083 </subfield>
		<subfield code="s">princeton_aco000624</subfield>
	</datafield>
</record>
